@article{wenzel20posterior,
  author =       {Wenzel, Florian and Roth, Kevin and Veeling, Bastiaan S. and
                  Świątkowski, Jakub and Tran, Linh and Mandt, Stephan and
                  Snoek, Jasper and Salimans, Tim and Jenatton, Rodolphe and
                  Nowozin, Sebastian},
  title =        {How Good Is the Bayes Posterior in Deep Neural Networks
                  Really?},
  journal =      {CoRR},
  year =         2020,
  url =          {http://arxiv.org/abs/2002.02405v1},
  archivePrefix ={arXiv},
  eprint =       {2002.02405},
  primaryClass = {stat.ML},
}

@book{sarkka_solin_2019,
  place={Cambridge},
  series={Institute of Mathematical Statistics Textbooks},
  File = {:llibres/sarkka_solin_2019.pdf:PDF},
  title={Applied Stochastic Differential Equations},
  publisher={Cambridge University Press},
  author={Särkkä, Simo and Solin, Arno},
  year={2019},
  collection={Institute of Mathematical Statistics Textbooks}}

@article{song2020hams,
  author =       {Song, Zexi and Tan, Zhiqiang},
  title =        {Hamiltonian Assisted Metropolis Sampling},
  journal =      {CoRR},
  year =         2020,
  url =          {http://arxiv.org/abs/2005.08159v1},
  archivePrefix ={arXiv},
  eprint =       {2005.08159},
  primaryClass = {stat.CO},
}

@article{groenbech-complete-verlet,
author = {Niels Grønbech-Jensen},
title = {Complete set of stochastic Verlet-type thermostats for correct Langevin simulations},
journal = {Molecular Physics},
volume = {118},
number = {8},
pages = {e1662506},
year  = {2020},
publisher = {Taylor & Francis},
doi = {10.1080/00268976.2019.1662506},
URL = {https://arxiv.org/abs/1909.04380},
eprint = {https://doi.org/10.1080/00268976.2019.1662506}
}

@article{mannella2004,
  title = {Quasisymplectic integrators for stochastic differential equations},
  author = {Mannella, R.},
  journal = {Physical Review E},
  volume = {69},
  year = {2004},
  doi = {10.1103/PhysRevE.69.041107}
}

@article{bussi-parrinello,
  title = {Accurate sampling using Langevin dynamics},
  author = {Bussi, Giovanni and Parrinello, Michele},
  journal = {Phys. Rev. E},
  volume = {75},
  year = {2007},
  doi = {10.1103/PhysRevE.75.056707}
}

@article{lm-aboba,
  title={Robust and efficient configurational molecular sampling via Langevin dynamics},
  author={Leimkuhler, Benedict and Matthews, Charles},
  journal={The Journal of Chemical Physics},
  volume={138},
  year={2013}
}

@article{scc-time-rescaling,
author = {Sivak, David A. and Chodera, John D. and Crooks, Gavin E.},
title = {Time Step Rescaling Recovers Continuous-Time Dynamical Properties for Discrete-Time {L}angevin Integration of Nonequilibrium Systems},
journal = {The Journal of Physical Chemistry B},
volume = {118},
year = {2014},
doi = {10.1021/jp411770f}
}

